@article{dempster1977,
  title={Maximum likelihood from incomplete data via the EM algorithm},
  author={Dempster, A.P. and Laird, N.M. and Rubin, D.B.},
  journal={Journal of the Royal Statistical Society: Series B (Methodological)},
  volume={39},
  number={1},
  pages={1--38},
  year={1977},
  publisher={Wiley Online Library}
}

@article{zhang2010,
  title={A parallel EM algorithm for large-scale data},
  author={Zhang, Y. and Wang, J. and Li, X.},
  journal={Journal of Computational and Graphical Statistics},
  volume={19},
  number={2},
  pages={345--362},
  year={2010},
  publisher={Taylor \& Francis}
}

@inproceedings{bishop2006,
  title={Pattern Recognition and Machine Learning},
  author={Bishop, C. M.},
  booktitle={Springer},
  year={2006},
  publisher={Springer}
}

@article{mclachlan2000,
  title={The EM algorithm and extensions},
  author={McLachlan, G. J. and Krishnan, T.},
  journal={Wiley Series in Probability and Statistics},
  year={2000},
  publisher={Wiley}
}

@article{neelakantan2015,
  title={Parallelizing the EM algorithm for large datasets},
  author={Neelakantan, A. and Reddy, C. K.},
  journal={IEEE Transactions on Knowledge and Data Engineering},
  volume={27},
  number={4},
  pages={1000--1012},
  year={2015},
  publisher={IEEE}
}