@inproceedings{yu-parvis-sc2004,
 author = {H. Yu and K-L. Ma and J. Welling},
 title = {{A} {P}arallel {V}isualization {P}ipeline for {T}erascale {E}arthquake {S}imulations},
 booktitle = {SC '04: Proceedings of the 2004 ACM/IEEE conference on Supercomputing},
 year = {2004},
 pages = {49}
}

@article{ellsworth-concurrentvis-tvcg2006,
 author = {D. Ellsworth and B. Green and C. Henze and P. Moran and T. Sandstrom},
 title = {{C}oncurrent {V}isualization in a {P}roduction {S}upercomputing {E}nvironment},
 journal = {IEEE Transactions on Visualization and Computer Graphics},
 volume = {12},
 number = {5},
 year = {2006},
 pages = {997--1004}
}
